@article{ownpub0,
  author   = {Me},
  doi      = {doi},
  journal  = {journal},
  title    = {Title},
  year     = {2024},
  keywords = {myPub}
}

@article{ownpub1,
  author   = {Me},
  doi      = {doi},
  journal  = {journal},
  title    = {Title},
  year     = {2024},
  keywords = {myMan}
}
